@inproceedings{resnick1994grouplens,
  title={GroupLens: an open architecture for collaborative filtering of netnews},
  author={Resnick, Paul and Iacovou, Neophytos and Suchak, Mitesh and Bergstrom, Peter and Riedl, John},
  booktitle={Proceedings of the 1994 ACM conference on Computer supported cooperative work},
  pages={175--186},
  year={1994}
}

@article{smith,
author = {Smith, Leslie},
year = {2018},
month = {03},
pages = {},
title = {A disciplined approach to neural network hyper-parameters: Part 1 -- learning rate, batch size, momentum, and weight decay}
}

@article{breiman,
    author = "Breiman, Leo",
    title = "{Bagging Predictors}",
    doi = "10.1007/BF00058655",
    journal = "Machine Learning",
    volume = "24",
    pages = "123--140",
    year = "1996"
}

@misc{lau_2020,
    title={Learning Rate Schedules and Adaptive Learning Rate Methods for Deep Learning},
    url={https://towardsdatascience.com/learning-rate-schedules-and-adaptive-learning-rate-methods- \
    for-deep-learning-2c8f433990d1},
    journal={Medium},
    author={Lau, Suki},
    year={2020}
}

@misc{gupta_2020,
    title={Collaborative Filtering and Embeddings â€” Part 1},
    url={https://towardsdatascience.com/collaborative-filtering-and-embeddings-part-1-63b00b9739ce},
    journal={Medium},
    author={Gupta, Shikhar},
    year={2020}
}

@article{chae2018identifying,
  title={On identifying k-nearest neighbors in neighborhood models for efficient and effective collaborative filtering},
  author={Chae, Dong-Kyu and Lee, Sang-Chul and Lee, Si-Yong and Kim, Sang-Wook},
  journal={Neurocomputing},
  volume={278},
  pages={134--143},
  year={2018},
  publisher={Elsevier}
}

@article{zeng2004similarity,
  title={Similarity measure and instance selection for collaborative filtering},
  author={Zeng, Chun and Xing, Chun-Xiao and Zhou, Li-Zhu and Zheng, Xiao-Hui},
  journal={International Journal of Electronic Commerce},
  volume={8},
  number={4},
  pages={115--129},
  year={2004},
  publisher={Taylor \& Francis}
}

@article{ruder2016overview,
  title={An overview of gradient descent optimization algorithms},
  author={Ruder, Sebastian},
  journal={arXiv preprint arXiv:1609.04747},
  year={2016}
}

@article{kingma2014adam,
  title={Adam: A method for stochastic optimization},
  author={Kingma, Diederik P and Ba, Jimmy},
  journal={arXiv preprint arXiv:1412.6980},
  year={2014}
}

@book{lehmann2006theory,
  title={Theory of point estimation},
  author={Lehmann, Erich L and Casella, George},
  year={2006},
  publisher={Springer Science \& Business Media}
}